<record><leader>00000cas a22000007a 4500</leader><controlfield tag="001">11555690</controlfield><controlfield tag="008">850107d18551858nyudn ne      0    0eng d</controlfield><datafield ind1=" " ind2=" " tag="010"><subfield code="a">sn 85054106 </subfield></datafield><datafield ind1=" " ind2=" " tag="040"><subfield code="a">NYG</subfield><subfield code="b">eng</subfield><subfield code="c">NYG</subfield><subfield code="d">NPX</subfield><subfield code="d">NPA</subfield><subfield code="d">NYS</subfield><subfield code="d">NPH</subfield><subfield code="d">NYS</subfield><subfield code="d">OCL</subfield><subfield code="d">UKMGB</subfield><subfield code="d">OCLCQ</subfield><subfield code="d">OCLCF</subfield><subfield code="d">OCLCO</subfield></datafield><datafield ind1="7" ind2=" " tag="016"><subfield code="a">013917625</subfield><subfield code="2">Uk</subfield></datafield><datafield ind1="1" ind2=" " tag="029"><subfield code="a">AU@</subfield><subfield code="b">000020235477</subfield></datafield><datafield ind1=" " ind2=" " tag="042"><subfield code="a">msc</subfield></datafield><datafield ind1=" " ind2=" " tag="043"><subfield code="a">n-us-ny</subfield></datafield><datafield ind1="0" ind2="0" tag="245"><subfield code="a">Buffalo morning express and daily democracy.</subfield></datafield><datafield ind1="3" ind2="0" tag="246"><subfield code="a">Buffalo express and daily democracy</subfield></datafield><datafield ind1="1" ind2="7" tag="246"><subfield code="a">Morning express</subfield></datafield><datafield ind1=" " ind2=" " tag="260"><subfield code="a">Buffalo, N.Y. :</subfield><subfield code="b">A.M. Clapp &amp; Co.,</subfield><subfield code="c">1855-1858.</subfield></datafield><datafield ind1=" " ind2=" " tag="300"><subfield code="a">v. ;</subfield><subfield code="c">69 cm.</subfield></datafield><datafield ind1=" " ind2=" " tag="310"><subfield code="a">Daily (except Sunday)</subfield></datafield><datafield ind1="0" ind2=" " tag="362"><subfield code="a">Vol. 10, no. 2962 (Aug. 11, 1855)-v. 13, no. 4004 (Dec. 31, 1858).</subfield></datafield><datafield ind1=" " ind2=" " tag="500"><subfield code="a">"Morning" appears in title ornament.</subfield></datafield><datafield ind1=" " ind2=" " tag="500"><subfield code="a">Triweekly edition also published.</subfield></datafield><datafield ind1=" " ind2="0" tag="651"><subfield code="a">Buffalo (N.Y.)</subfield><subfield code="v">Newspapers.</subfield></datafield><datafield ind1=" " ind2="7" tag="655"><subfield code="a">Newspapers.</subfield><subfield code="2">fast</subfield><subfield code="0">(OCoLC)fst01423814</subfield></datafield><datafield ind1=" " ind2="7" tag="651"><subfield code="a">New York (State)</subfield><subfield code="z">Buffalo.</subfield><subfield code="2">fast</subfield><subfield code="0">(OCoLC)fst01205730</subfield></datafield><datafield ind1=" " ind2=" " tag="752"><subfield code="a">United States</subfield><subfield code="b">New York</subfield><subfield code="c">Erie</subfield><subfield code="d">Buffalo.</subfield></datafield><datafield ind1="0" ind2=" " tag="775"><subfield code="t">Buffalo weekly express (Buffalo, N.Y. : 1846)</subfield><subfield code="w">(DLC)sn 83030918</subfield></datafield><datafield ind1="0" ind2="4" tag="780"><subfield code="t">Buffalo morning express (Buffalo, N.Y. : 1849)</subfield><subfield code="w">(DLC)sn 85042194</subfield></datafield><datafield ind1="0" ind2="4" tag="780"><subfield code="t">Democracy (Buffalo, N.Y. : Daily)</subfield><subfield code="w">(DLC)sn 83030925</subfield></datafield><datafield ind1="0" ind2="0" tag="785"><subfield code="t">Buffalo morning express (Buffalo, N.Y. : 1859)</subfield><subfield code="w">(DLC)sn 83030920</subfield></datafield></record>